<record><leader>00000cas a22000007a 4500</leader><controlfield tag="001">19581365</controlfield><controlfield tag="008">890421d19491959njuwr ne      0    0eng d</controlfield><datafield ind1=" " ind2=" " tag="010"><subfield code="a">sn 88071162 </subfield></datafield><datafield ind1=" " ind2=" " tag="040"><subfield code="a">NJW</subfield><subfield code="b">eng</subfield><subfield code="c">NJW</subfield><subfield code="d">OCLCQ</subfield></datafield><datafield ind1=" " ind2=" " tag="042"><subfield code="a">msc</subfield></datafield><datafield ind1="0" ind2="0" tag="245"><subfield code="a">Maplewood-South Orange news-record.</subfield></datafield><datafield ind1=" " ind2=" " tag="260"><subfield code="a">Maplewood, N.J. :</subfield><subfield code="b">Hewlett Pub. Co.,</subfield><subfield code="c">1949-1959.</subfield></datafield><datafield ind1=" " ind2=" " tag="310"><subfield code="a">Weekly</subfield></datafield><datafield ind1="0" ind2=" " tag="362"><subfield code="a">Vol. 62, no. 52 (Jan. 6, 1949)-v. 73, no. 35 (Aug. 27, 1959).</subfield></datafield><datafield ind1=" " ind2=" " tag="752"><subfield code="a">United States</subfield><subfield code="b">New Jersey</subfield><subfield code="c">Essex</subfield><subfield code="d">Maplewood.</subfield></datafield><datafield ind1=" " ind2=" " tag="752"><subfield code="a">United States</subfield><subfield code="b">New Jersey</subfield><subfield code="c">Essex</subfield><subfield code="d">South Orange.</subfield></datafield><datafield ind1="0" ind2="4" tag="780"><subfield code="t">Maplewood news and Maplewood record</subfield><subfield code="w">(DLC)sn 88071161</subfield></datafield><datafield ind1="0" ind2="4" tag="780"><subfield code="t">South Orange record and South Orange home news</subfield><subfield code="w">(DLC)sn 85035676</subfield><subfield code="w">(OCoLC)13084886</subfield></datafield><datafield ind1="0" ind2="0" tag="785"><subfield code="t">News-record of Maplewood and South Orange, New Jersey</subfield><subfield code="w">(DLC)sn 88071163</subfield><subfield code="w">(OCoLC)19581278</subfield></datafield></record>